@book{connor2011crop,
  title={Crop ecology: productivity and management in agricultural systems},
  author={Connor, David J and Loomis, Robert S and Cassman, Kenneth G},
  year={2011},
  publisher={Cambridge University Press}
}